@misc{JavaApiDoc,
  title = {Javaâ„¢ Platform, Standard Edition 8 API Specification (2019). Oracle documents.},
  howpublished = {\url{https://docs.oracle.com/javase/8/docs/api/}},
  year = {2019}, 
  note = "[Online; megtekintve 2019. 05. 10.]"
}

@misc{Vlcj,
  title = {Vlcj},
  howpublished = {\url{https://github.com/caprica/vlcj}},
  year = {2019}, 
  note = "[Online; megtekintve 2019. 05. 10.]"
}

@misc{Apache_Maven,
  title = {Apache Maven},
  howpublished = {\url{https://maven.apache.org/guides/introduction/introduction-to-the-pom.html}},
  year = {2019}, 
  note = "[Online; megtekintve 2019. 05. 10.]"
}

@misc{Liquibase,
  title = {Liquibase},
  howpublished = {\url{http://www.liquibase.org/documentation/databasechangelog.html}},
  year = {2019}, 
  note = "[Online; megtekintve 2019. 05. 10.]"
}

